@online{site:agile-manifesto,
    title   = {Manifesto Agile},
    url     = {http://agilemanifesto.org/}
}

@online{site:scrum-method,
	title = {Scrum Methodology},
	url   = {http://scrummethodology.com/}
}
